Automatically generated by Mendeley Desktop 1.19.4
Any changes to this file will be lost if it is regenerated by Mendeley.

BibTeX export options can be customized via Options -> BibTeX in Mendeley Desktop

@article{Verspoor2006,
author = {Verspoor, Karin and Cohn, Judith and Mniszewski, Susan and Joslyn, Cliff},
doi = {10.1110/ps.062184006},
issn = {09618368},
journal = {Protein Science},
title = {{A categorization approach to automated ontological function annotation}},
url = {https://dx.doi.org/10.1110{\%}2Fps.062184006},
year = {2006}
}
@article{Defoin-Platel2011,
author = {Defoin-Platel, Michael and Hindle, Matthew M. and Lysenko, Artem and Powers, Stephen J. and Habash, Dimah Z. and Rawlings, Christopher J. and Saqi, Mansoor},
doi = {10.1186/1471-2105-12-431},
issn = {14712105},
journal = {BMC Bioinformatics},
title = {{AIGO: Towards a unified framework for the Analysis and the Inter-comparison of GO functional annotations}},
url = {https://doi.org/10.1186/1471-2105-12-431},
year = {2011}
}
@article{Plyusnin2018,
author = {Plyusnin, Ilya and Holm, Liisa and T{\"{o}}or{\"{o}}onen, Petri},
doi = {10.1101/427096},
journal = {bioRxiv},
pages = {427096},
title = {{Novel Comparison of Evaluation Metrics for Gene Ontology Classifiers Reveals Drastic Performance Differences}},
url = {http://biorxiv.org/content/early/2018/10/09/427096.abstract https://doi.org/10.1101/427096},
year = {2018}
}
@article{Wimalanathan2018,
author = {Wimalanathan, Kokulapalan and Friedberg, Iddo and Andorf, Carson M. and Lawrence-Dill, Carolyn J.},
doi = {10.1002/pld3.52},
file = {::},
issn = {24754455},
journal = {Plant Direct},
keywords = {GO,functional annotation,gene ontology,genomics,maize},
month = {apr},
number = {4},
pages = {e00052},
publisher = {John Wiley {\&} Sons, Ltd},
title = {{Maize GO Annotation-Methods, Evaluation, and Review (maize-GAMER)}},
url = {http://doi.wiley.com/10.1002/pld3.52},
volume = {2},
year = {2018}
}
